<?xml version="1.0" encoding="UTF-8"?><collection xmlns="http://www.loc.gov/MARC21/slim"><record><leader>00478nam--2200193-u-4500</leader><controlfield tag="001">000054951</controlfield><controlfield tag="002">20161230</controlfield><controlfield tag="005">20161230201051</controlfield><controlfield tag="008">120711s1000------------r-----000-0-rus-d</controlfield><datafield ind1=" " ind2=" " tag="040"><subfield code="a">IFIN-HH</subfield></datafield><datafield ind1=" " ind2=" " tag="041"><subfield code="a">rus</subfield></datafield><datafield ind1=" " ind2=" " tag="080"><subfield code="a">539.183.2(083.3)</subfield></datafield><datafield ind1="1" ind2=" " tag="100"><subfield code="a">S Elinov,I.P</subfield></datafield><datafield ind1="1" ind2="0" tag="245"><subfield code="a">Izotopi</subfield><subfield code="c">I.p. selinov</subfield></datafield><datafield ind1=" " ind2=" " tag="260"><subfield code="a">Moskva</subfield><subfield code="b">Nauka</subfield><subfield code="c">1970</subfield></datafield><datafield ind1=" " ind2=" " tag="300"><subfield code="a">3 VOL</subfield></datafield><datafield ind1="1" ind2=" " tag="787"><subfield code="a">Vol. Iii</subfield><subfield code="t">Bibliografia Spravocenie Tabliti</subfield></datafield><datafield ind1=" " ind2=" " tag="852"><subfield code="a">75311</subfield><subfield code="c">539.18</subfield></datafield><datafield ind1=" " ind2=" " tag="CAT"><subfield code="a">Sys</subfield><subfield code="c">20120711</subfield><subfield code="h">122717</subfield></datafield></record></collection>